@misc{Chari01,
   author  = "Chari Karipidis",
   title   = "GPG in Linux",  
   year    = "2012"}
