@string{gpg = "GnuPG"}

@ARTICLE{GPG:2012,
   AUTHOR  = {Chari Karipidis},
   TITLE   = {GPG in Linux},  
   YEAR    = {2012},
   JOURNAL = gpg,
   VOLUME  = {01},
   NUMBER  = {01},
   PAGES   = {10}
}
